online{Cloud,
  author = {Peter Mell (NIST) and Tim Grance (NIST)},
  url = {https://doi.org/10.6028/NIST.SP.800-145},
  urldate = {2019-03-23},
  doi = {10.6028/NIST.SP.800-145},
  title = {The NIST Definition of Cloud Computing},
  publisher = {National Institute of Standards and Technology}
}

book{ComputerFachlexikon,
  author = {Taube, Christian},
  title = {Computer Fachlexikon Fachw√∂rterbuch},
  year = {2000},
}

inbook{Transparenz,
  crossref = {ComputerFachlexikon},
  pages = {207--208},
}

@online{Wibas,
  author = {Malte Foegen and Patrick Atamaniuk},
  url = {https://www.wibas.com/media/filer_public/2013/08/28/modellierung_von_architekturen_p_de.pdf},
  urldate = {2019-05-10},
  title = {Modellierung von Architekturen},
  publisher = {wibas GmbH}
}

@book{newman2015building,
  title={Building Microservices: Designing Fine-Grained Systems},
  author={Newman, S.},
  isbn={9781491950333},
  url={https://books.google.de/books?id=jjl4BgAAQBAJ},
  year={2015},
  publisher={O'Reilly Media}
}

@article{7742259,
  author={A. {Sill}},
  journal={IEEE Cloud Computing},
  title={The Design and Architecture of Microservices},
  year={2016},
  volume={3},
  number={5},
  pages={76-80},
  keywords={cloud computing;software architecture;standards;microservices;cloud design architectures;historical standards;Design methdology;Cloud computing;Computer architecture;Standards development;Computer architecture;Service computing;Storage automation;cloud;standards;design;architecture;automation;data;containers;networks;microservices},
  doi={10.1109/MCC.2016.111},
  ISSN={2325-6095},
  month={Sep.},
}

@article{fowler2015microservices,
  title={Microservices: Nur ein weiteres Konzept in der Softwarearchitektur oder mehr},
  author={Fowler, Martin and Lewis, James},
  journal={Objektspektrum},
  volume={1},
  number={2015},
  pages={14--20},
  year={2015}
}

@inproceedings{7796008,
  author={N. {Alshuqayran} and N. {Ali} and R. {Evans}},
  booktitle={2016 IEEE 9th International Conference on Service-Oriented Computing and Applications (SOCA)},
  title={A Systematic Mapping Study in Microservice Architecture},
  year={2016},
  volume={},
  number={},
  pages={44-51},
  keywords={service-oriented architecture;systematic mapping;microservice architecture;software development;software architectural styles;software architectural design;online service providers;architectural diagrams;architectural views;quality attributes;microsevice systems;Computer architecture;Service-oriented architecture;Systematics;Conferences;Security;Business},
  doi={10.1109/SOCA.2016.15},
  ISSN={},
  month={Nov},
}

@inproceedings{10.1007/978-3-319-74781-1_17,
author="Rademacher, Florian
and Sachweh, Sabine
and Z{\"u}ndorf, Albert",
editor="Cerone, Antonio
and Roveri, Marco",
title="Towards a UML Profile for Domain-Driven Design of Microservice Architectures",
booktitle="Software Engineering and Formal Methods",
year="2018",
publisher="Springer International Publishing",
address="Cham",
pages="230--245",
abstract="Domain-driven Design (DDD) is a model-driven approach to software development that focuses on capturing the application domain, its concepts and relationships in the form of domain models for architecture design. Among others, DDD provides modeling means for decomposing a domain into Bounded Contexts and expressing the relationships between them. With the recent emergence of Microservice Architecture (MSA), DDD again gains broad attention because a Bounded Context naturally maps to a Microservice, which enables the application of DDD for MSA design.",
isbn="978-3-319-74781-1"
}
